@String(PAMI = {IEEE Trans. Pattern Anal. Mach. Intell.})
@String(IJCV = {Int. J. Comput. Vis.})
@String(CVPR= {IEEE Conf. Comput. Vis. Pattern Recog.})
@String(ICCV= {Int. Conf. Comput. Vis.})
@String(ECCV= {Eur. Conf. Comput. Vis.})
@String(NIPS= {Adv. Neural Inform. Process. Syst.})
@String(ICPR = {Int. Conf. Pattern Recog.})
@String(BMVC= {Brit. Mach. Vis. Conf.})
@String(TOG= {ACM Trans. Graph.})
@String(TIP  = {IEEE Trans. Image Process.})
@String(TVCG  = {IEEE Trans. Vis. Comput. Graph.})
@String(TMM  = {IEEE Trans. Multimedia})
@String(ACMMM= {ACM Int. Conf. Multimedia})
@String(ICME = {Int. Conf. Multimedia and Expo})
@String(ICASSP=	{ICASSP})
@String(ICIP = {IEEE Int. Conf. Image Process.})
@String(ACCV  = {ACCV})
@String(ICLR = {Int. Conf. Learn. Represent.})
@String(IJCAI = {IJCAI})
@String(PR   = {Pattern Recognition})
@String(AAAI = {AAAI})
@String(CVPRW= {IEEE Conf. Comput. Vis. Pattern Recog. Worksh.})
@String(CSVT = {IEEE Trans. Circuit Syst. Video Technol.})

@String(SPL	= {IEEE Sign. Process. Letters})
@String(VR   = {Vis. Res.})
@String(JOV	 = {J. Vis.})
@String(TVC  = {The Vis. Comput.})
@String(JCST  = {J. Comput. Sci. Tech.})
@String(CGF  = {Comput. Graph. Forum})
@String(CVM = {Computational Visual Media})


@String(PAMI  = {IEEE TPAMI})
@String(IJCV  = {IJCV})
@String(CVPR  = {CVPR})
@String(ICCV  = {ICCV})
@String(ECCV  = {ECCV})
@String(NIPS  = {NeurIPS})
@String(ICPR  = {ICPR})
@String(BMVC  =	{BMVC})
@String(TOG   = {ACM TOG})
@String(TIP   = {IEEE TIP})
@String(TVCG  = {IEEE TVCG})
@String(TCSVT = {IEEE TCSVT})
@String(TMM   =	{IEEE TMM})
@String(ACMMM = {ACM MM})
@String(ICME  =	{ICME})
@String(ICASSP=	{ICASSP})
@String(ICIP  = {ICIP})
@String(ACCV  = {ACCV})
@String(ICLR  = {ICLR})
@String(IJCAI = {IJCAI})
@String(PR = {PR})
@String(AAAI = {AAAI})
@String(CVPRW= {CVPRW})
@String(CSVT = {IEEE TCSVT})

% Dataset RAF-DB
@inproceedings{li2017reliable,
  title={Reliable Crowdsourcing and Deep Locality-Preserving Learning for Expression Recognition in the Wild},
  author={Li, Shan and Deng, Weihong and Du, JunPing},
  booktitle={2017 IEEE Conference on Computer Vision and Pattern Recognition (CVPR)},
  pages={2584--2593},
  year={2017},
  organization={IEEE}
}

@article{li2019reliable,
  title={Reliable Crowdsourcing and Deep Locality-Preserving Learning for Unconstrained Facial Expression Recognition},
  author={Li, Shan and Deng, Weihong},
  journal={IEEE Transactions on Image Processing},
  volume={28},
  number={1},
  pages={356--370},
  year={2019},
  publisher={IEEE}
}

% Dataset CK+
@inproceedings{LuceyCKSAM10,
  author       = {Patrick Lucey and
                  Jeffrey F. Cohn and
                  Takeo Kanade and
                  Jason M. Saragih and
                  Zara Ambadar and
                  Iain A. Matthews},
  title        = {The Extended Cohn-Kanade Dataset {(CK+):} {A} complete dataset for
                  action unit and emotion-specified expression},
  booktitle    = {{IEEE} Conference on Computer Vision and Pattern Recognition, {CVPR}
                  Workshops 2010, San Francisco, CA, USA, 13-18 June, 2010},
  pages        = {94--101},
  publisher    = {{IEEE} Computer Society},
  year         = {2010},
  url          = {https://doi.org/10.1109/CVPRW.2010.5543262},
  doi          = {10.1109/CVPRW.2010.5543262},
  timestamp    = {Fri, 24 Mar 2023 00:02:54 +0100},
  biburl       = {https://dblp.org/rec/conf/cvpr/LuceyCKSAM10.bib},
  bibsource    = {dblp computer science bibliography, https://dblp.org}
}

% Dataset FER+
@inproceedings{BarsoumZCZ16,
  author       = {Emad Barsoum and
                  Cha Zhang and
                  Cristian Canton{-}Ferrer and
                  Zhengyou Zhang},
  editor       = {Yukiko I. Nakano and
                  Elisabeth Andr{\'{e}} and
                  Toyoaki Nishida and
                  Louis{-}Philippe Morency and
                  Carlos Busso and
                  Catherine Pelachaud},
  title        = {Training deep networks for facial expression recognition with crowd-sourced
                  label distribution},
  booktitle    = {Proceedings of the 18th {ACM} International Conference on Multimodal
                  Interaction, {ICMI} 2016, Tokyo, Japan, November 12-16, 2016},
  pages        = {279--283},
  publisher    = {{ACM}},
  year         = {2016},
  url          = {https://doi.org/10.1145/2993148.2993165},
  doi          = {10.1145/2993148.2993165},
  timestamp    = {Sat, 30 Sep 2023 09:45:54 +0200},
  biburl       = {https://dblp.org/rec/conf/icmi/BarsoumZCZ16.bib},
  bibsource    = {dblp computer science bibliography, https://dblp.org}
}

% Facial Emotion Recognition
@article{Ko18,
  author       = {ByoungChul Ko},
  title        = {A Brief Review of Facial Emotion Recognition Based on Visual Information},
  journal      = {Sensors},
  volume       = {18},
  number       = {2},
  pages        = {401},
  year         = {2018},
  url          = {https://doi.org/10.3390/s18020401},
  doi          = {10.3390/S18020401},
  timestamp    = {Wed, 14 Nov 2018 10:46:37 +0100},
  biburl       = {https://dblp.org/rec/journals/sensors/Ko18.bib},
  bibsource    = {dblp computer science bibliography, https://dblp.org}
}

% ResNet
@inproceedings{HeZRS16,
  author       = {Kaiming He and
                  Xiangyu Zhang and
                  Shaoqing Ren and
                  Jian Sun},
  title        = {Deep Residual Learning for Image Recognition},
  booktitle    = {2016 {IEEE} Conference on Computer Vision and Pattern Recognition,
                  {CVPR} 2016, Las Vegas, NV, USA, June 27-30, 2016},
  pages        = {770--778},
  publisher    = {{IEEE} Computer Society},
  year         = {2016},
  url          = {https://doi.org/10.1109/CVPR.2016.90},
  doi          = {10.1109/CVPR.2016.90},
  timestamp    = {Fri, 24 Mar 2023 00:02:57 +0100},
  biburl       = {https://dblp.org/rec/conf/cvpr/HeZRS16.bib},
  bibsource    = {dblp computer science bibliography, https://dblp.org}
}