@String(PAMI = {IEEE Trans. Pattern Anal. Mach. Intell.})
@String(IJCV = {Int. J. Comput. Vis.})
@String(CVPR= {IEEE Conf. Comput. Vis. Pattern Recog.})
@String(ICCV= {Int. Conf. Comput. Vis.})
@String(ECCV= {Eur. Conf. Comput. Vis.})
@String(NIPS= {Adv. Neural Inform. Process. Syst.})
@String(ICPR = {Int. Conf. Pattern Recog.})
@String(BMVC= {Brit. Mach. Vis. Conf.})
@String(TOG= {ACM Trans. Graph.})
@String(TIP  = {IEEE Trans. Image Process.})
@String(TVCG  = {IEEE Trans. Vis. Comput. Graph.})
@String(TMM  = {IEEE Trans. Multimedia})
@String(ACMMM= {ACM Int. Conf. Multimedia})
@String(ICME = {Int. Conf. Multimedia and Expo})
@String(ICASSP=	{ICASSP})
@String(ICIP = {IEEE Int. Conf. Image Process.})
@String(ACCV  = {ACCV})
@String(ICLR = {Int. Conf. Learn. Represent.})
@String(IJCAI = {IJCAI})
@String(PR   = {Pattern Recognition})
@String(AAAI = {AAAI})
@String(CVPRW= {IEEE Conf. Comput. Vis. Pattern Recog. Worksh.})
@String(CSVT = {IEEE Trans. Circuit Syst. Video Technol.})

@String(SPL	= {IEEE Sign. Process. Letters})
@String(VR   = {Vis. Res.})
@String(JOV	 = {J. Vis.})
@String(TVC  = {The Vis. Comput.})
@String(JCST  = {J. Comput. Sci. Tech.})
@String(CGF  = {Comput. Graph. Forum})
@String(CVM = {Computational Visual Media})


@String(PAMI  = {IEEE TPAMI})
@String(IJCV  = {IJCV})
@String(CVPR  = {CVPR})
@String(ICCV  = {ICCV})
@String(ECCV  = {ECCV})
@String(NIPS  = {NeurIPS})
@String(ICPR  = {ICPR})
@String(BMVC  =	{BMVC})
@String(TOG   = {ACM TOG})
@String(TIP   = {IEEE TIP})
@String(TVCG  = {IEEE TVCG})
@String(TCSVT = {IEEE TCSVT})
@String(TMM   =	{IEEE TMM})
@String(ACMMM = {ACM MM})
@String(ICME  =	{ICME})
@String(ICASSP=	{ICASSP})
@String(ICIP  = {ICIP})
@String(ACCV  = {ACCV})
@String(ICLR  = {ICLR})
@String(IJCAI = {IJCAI})
@String(PR = {PR})
@String(AAAI = {AAAI})
@String(CVPRW= {CVPRW})
@String(CSVT = {IEEE TCSVT})


% Dataset RAF-DB

@article{li2019reliable,
  title={Reliable Crowdsourcing and Deep Locality-Preserving Learning for Unconstrained Facial Expression Recognition},
  author={Li, Shan and Deng, Weihong},
  journal={IEEE Transactions on Image Processing},
  volume={28},
  number={1},
  pages={356--370},
  year={2019},
  publisher={IEEE}
}

@inproceedings{li_reliable_2017,
  author       = {Shan Li and
                  Weihong Deng and
                  Junping Du},
  title        = {Reliable Crowdsourcing and Deep Locality-Preserving Learning for Expression
                  Recognition in the Wild},
  booktitle    = {2017 {IEEE} Conference on Computer Vision and Pattern Recognition,
                  {CVPR} 2017, Honolulu, HI, USA, July 21-26, 2017},
  pages        = {2584--2593},
  publisher    = {{IEEE} Computer Society},
  year         = {2017},
  url          = {https://doi.org/10.1109/CVPR.2017.277},
  doi          = {10.1109/CVPR.2017.277},
  timestamp    = {Fri, 24 Mar 2023 00:02:54 +0100},
  biburl       = {https://dblp.org/rec/conf/cvpr/0001DD17.bib},
  bibsource    = {dblp computer science bibliography, https://dblp.org}
}

% Dataset CK+
@inproceedings{LuceyCKSAM10,
  author       = {Patrick Lucey and
                  Jeffrey F. Cohn and
                  Takeo Kanade and
                  Jason M. Saragih and
                  Zara Ambadar and
                  Iain A. Matthews},
  title        = {The Extended Cohn-Kanade Dataset {(CK+):} {A} complete dataset for
                  action unit and emotion-specified expression},
  booktitle    = {{IEEE} Conference on Computer Vision and Pattern Recognition, {CVPR}
                  Workshops 2010, San Francisco, CA, USA, 13-18 June, 2010},
  pages        = {94--101},
  publisher    = {{IEEE} Computer Society},
  year         = {2010},
  url          = {https://doi.org/10.1109/CVPRW.2010.5543262},
  doi          = {10.1109/CVPRW.2010.5543262},
  timestamp    = {Fri, 24 Mar 2023 00:02:54 +0100},
  biburl       = {https://dblp.org/rec/conf/cvpr/LuceyCKSAM10.bib},
  bibsource    = {dblp computer science bibliography, https://dblp.org}
}

% Dataset FER+
@inproceedings{BarsoumZCZ16,
  author       = {Emad Barsoum and
                  Cha Zhang and
                  Cristian Canton{-}Ferrer and
                  Zhengyou Zhang},
  editor       = {Yukiko I. Nakano and
                  Elisabeth Andr{\'{e}} and
                  Toyoaki Nishida and
                  Louis{-}Philippe Morency and
                  Carlos Busso and
                  Catherine Pelachaud},
  title        = {Training deep networks for facial expression recognition with crowd-sourced
                  label distribution},
  booktitle    = {Proceedings of the 18th {ACM} International Conference on Multimodal
                  Interaction, {ICMI} 2016, Tokyo, Japan, November 12-16, 2016},
  pages        = {279--283},
  publisher    = {{ACM}},
  year         = {2016},
  url          = {https://doi.org/10.1145/2993148.2993165},
  doi          = {10.1145/2993148.2993165},
  timestamp    = {Sat, 30 Sep 2023 09:45:54 +0200},
  biburl       = {https://dblp.org/rec/conf/icmi/BarsoumZCZ16.bib},
  bibsource    = {dblp computer science bibliography, https://dblp.org}
}

% Facial Emotion Recognition
@article{Ko18,
  author       = {ByoungChul Ko},
  title        = {A Brief Review of Facial Emotion Recognition Based on Visual Information},
  journal      = {Sensors},
  volume       = {18},
  number       = {2},
  pages        = {401},
  year         = {2018},
  url          = {https://doi.org/10.3390/s18020401},
  doi          = {10.3390/S18020401},
  timestamp    = {Wed, 14 Nov 2018 10:46:37 +0100},
  biburl       = {https://dblp.org/rec/journals/sensors/Ko18.bib},
  bibsource    = {dblp computer science bibliography, https://dblp.org}
}

@article{JainSS19,
  author       = {Deepak Kumar Jain and
                  Pourya Shamsolmoali and
                  Paramjit S. Sehdev},
  title        = {Extended deep neural network for facial emotion recognition},
  journal      = {Pattern Recognit. Lett.},
  volume       = {120},
  pages        = {69--74},
  year         = {2019},
  url          = {https://doi.org/10.1016/j.patrec.2019.01.008},
  doi          = {10.1016/J.PATREC.2019.01.008},
  timestamp    = {Tue, 29 Jun 2021 15:47:40 +0200},
  biburl       = {https://dblp.org/rec/journals/prl/JainSS19.bib},
  bibsource    = {dblp computer science bibliography, https://dblp.org}
}

% CAM
@inproceedings{ZhouKLOT16,
  author       = {Bolei Zhou and
                  Aditya Khosla and
                  {\`{A}}gata Lapedriza and
                  Aude Oliva and
                  Antonio Torralba},
  title        = {Learning Deep Features for Discriminative Localization},
  booktitle    = {2016 {IEEE} Conference on Computer Vision and Pattern Recognition,
                  {CVPR} 2016, Las Vegas, NV, USA, June 27-30, 2016},
  pages        = {2921--2929},
  publisher    = {{IEEE} Computer Society},
  year         = {2016},
  url          = {https://doi.org/10.1109/CVPR.2016.319},
  doi          = {10.1109/CVPR.2016.319},
  timestamp    = {Fri, 24 Mar 2023 00:02:57 +0100},
  biburl       = {https://dblp.org/rec/conf/cvpr/ZhouKLOT16.bib},
  bibsource    = {dblp computer science bibliography, https://dblp.org}
}

% Grad-CAM
@inproceedings{SelvarajuCDVPB17,
  author       = {Ramprasaath R. Selvaraju and
                  Michael Cogswell and
                  Abhishek Das and
                  Ramakrishna Vedantam and
                  Devi Parikh and
                  Dhruv Batra},
  title        = {Grad-CAM: Visual Explanations from Deep Networks via Gradient-Based
                  Localization},
  booktitle    = {{IEEE} International Conference on Computer Vision, {ICCV} 2017, Venice,
                  Italy, October 22-29, 2017},
  pages        = {618--626},
  publisher    = {{IEEE} Computer Society},
  year         = {2017},
  url          = {https://doi.org/10.1109/ICCV.2017.74},
  doi          = {10.1109/ICCV.2017.74},
  timestamp    = {Thu, 23 Mar 2023 23:57:42 +0100},
  biburl       = {https://dblp.org/rec/conf/iccv/SelvarajuCDVPB17.bib},
  bibsource    = {dblp computer science bibliography, https://dblp.org}
}

% Grad-cam++
@inproceedings{chattopadhay2018grad,
  title={Grad-CAM++: Improved Visual Explanations for Deep Convolutional Networks},
  author={Chattopadhay, Aditya and Sarkar, Anirban and Howlader, Prantik and Balasubramanian, Vineeth N},
  booktitle={2018 IEEE winter conference on applications of computer vision (WACV)},
  pages={839--847},
  year={2018},
  organization={IEEE}
}

% ResNet
@inproceedings{HeZRS16,
  author       = {Kaiming He and
                  Xiangyu Zhang and
                  Shaoqing Ren and
                  Jian Sun},
  title        = {Deep Residual Learning for Image Recognition},
  booktitle    = {2016 {IEEE} Conference on Computer Vision and Pattern Recognition,
                  {CVPR} 2016, Las Vegas, NV, USA, June 27-30, 2016},
  pages        = {770--778},
  publisher    = {{IEEE} Computer Society},
  year         = {2016},
  url          = {https://doi.org/10.1109/CVPR.2016.90},
  doi          = {10.1109/CVPR.2016.90},
  timestamp    = {Fri, 24 Mar 2023 00:02:57 +0100},
  biburl       = {https://dblp.org/rec/conf/cvpr/HeZRS16.bib},
  bibsource    = {dblp computer science bibliography, https://dblp.org}
}

@article{VermaMRMV23,
  author       = {Monu Verma and
                  Murari Mandal and
                  M. Satish Kumar Reddy and
                  Yashwanth Reddy Meedimale and
                  Santosh Kumar Vipparthi},
  title        = {Efficient neural architecture search for emotion recognition},
  journal      = {Expert Syst. Appl.},
  volume       = {224},
  pages        = {119957},
  year         = {2023},
  url          = {https://doi.org/10.1016/j.eswa.2023.119957},
  doi          = {10.1016/J.ESWA.2023.119957},
  timestamp    = {Fri, 02 Jun 2023 21:22:44 +0200},
  biburl       = {https://dblp.org/rec/journals/eswa/VermaMRMV23.bib},
  bibsource    = {dblp computer science bibliography, https://dblp.org}
}

@article{CalistoL21,
  author       = {Maria G. Baldeon Calisto and
                  Susana K. Lai{-}Yuen},
  title        = {EMONAS-Net: Efficient multiobjective neural architecture search using
                  surrogate-assisted evolutionary algorithm for 3D medical image segmentation},
  journal      = {Artif. Intell. Medicine},
  volume       = {119},
  pages        = {102154},
  year         = {2021},
  url          = {https://doi.org/10.1016/j.artmed.2021.102154},
  doi          = {10.1016/J.ARTMED.2021.102154},
  timestamp    = {Mon, 20 Sep 2021 17:52:13 +0200},
  biburl       = {https://dblp.org/rec/journals/artmed/CalistoL21.bib},
  bibsource    = {dblp computer science bibliography, https://dblp.org}
}

@inproceedings{ZeilerF14,
  author       = {Matthew D. Zeiler and
                  Rob Fergus},
  editor       = {David J. Fleet and
                  Tom{\'{a}}s Pajdla and
                  Bernt Schiele and
                  Tinne Tuytelaars},
  title        = {Visualizing and Understanding Convolutional Networks},
  booktitle    = {Computer Vision - {ECCV} 2014 - 13th European Conference, Zurich,
                  Switzerland, September 6-12, 2014, Proceedings, Part {I}},
  series       = {Lecture Notes in Computer Science},
  volume       = {8689},
  pages        = {818--833},
  publisher    = {Springer},
  year         = {2014},
  url          = {https://doi.org/10.1007/978-3-319-10590-1\_53},
  doi          = {10.1007/978-3-319-10590-1\_53},
  timestamp    = {Sat, 30 Sep 2023 09:39:19 +0200},
  biburl       = {https://dblp.org/rec/conf/eccv/ZeilerF14.bib},
  bibsource    = {dblp computer science bibliography, https://dblp.org}
}

@article{WangDDX0K23,
  author       = {Junpeng Wang and
                  Haitao Du and
                  Bo Ding and
                  Qi Xu and
                  Song Chen and
                  Yi Kang},
  title        = {{DDAM:} Data Distribution-Aware Mapping of CNNs on Processing-In-Memory
                  Systems},
  journal      = {{ACM} Trans. Design Autom. Electr. Syst.},
  volume       = {28},
  number       = {3},
  pages        = {36:1--36:30},
  year         = {2023},
  url          = {https://doi.org/10.1145/3576196},
  doi          = {10.1145/3576196},
  timestamp    = {Fri, 21 Jul 2023 22:26:52 +0200},
  biburl       = {https://dblp.org/rec/journals/todaes/WangDDX0K23.bib},
  bibsource    = {dblp computer science bibliography, https://dblp.org}
}

@inproceedings{AifantiPD10,
  author       = {Niki Aifanti and
                  Christos Papachristou and
                  Anastasios Delopoulos},
  title        = {The {MUG} facial expression database},
  booktitle    = {11th International Workshop on Image Analysis for Multimedia Interactive
                  Services, {WIAMIS} 2010, Desenzano del Garda, Italy, April 12-14,
                  2010},
  pages        = {1--4},
  publisher    = {{IEEE}},
  year         = {2010},
  url          = {https://ieeexplore.ieee.org/document/5617662/},
  timestamp    = {Thu, 12 Aug 2021 09:49:21 +0200},
  biburl       = {https://dblp.org/rec/conf/wiamis/AifantiPD10.bib},
  bibsource    = {dblp computer science bibliography, https://dblp.org}
}

@article{RussakovskyDSKS15,
  author       = {Olga Russakovsky and
                  Jia Deng and
                  Hao Su and
                  Jonathan Krause and
                  Sanjeev Satheesh and
                  Sean Ma and
                  Zhiheng Huang and
                  Andrej Karpathy and
                  Aditya Khosla and
                  Michael S. Bernstein and
                  Alexander C. Berg and
                  Li Fei{-}Fei},
  title        = {ImageNet Large Scale Visual Recognition Challenge},
  journal      = {Int. J. Comput. Vis.},
  volume       = {115},
  number       = {3},
  pages        = {211--252},
  year         = {2015},
  url          = {https://doi.org/10.1007/s11263-015-0816-y},
  doi          = {10.1007/S11263-015-0816-Y},
  timestamp    = {Tue, 10 Jan 2023 08:57:16 +0100},
  biburl       = {https://dblp.org/rec/journals/ijcv/RussakovskyDSKS15.bib},
  bibsource    = {dblp computer science bibliography, https://dblp.org}
}

@article{MavadatiMBTC13,
  author       = {Seyed Mohammad Mavadati and
                  Mohammad H. Mahoor and
                  Kevin Bartlett and
                  Philip Trinh and
                  Jeffrey F. Cohn},
  title        = {{DISFA:} {A} Spontaneous Facial Action Intensity Database},
  journal      = {{IEEE} Trans. Affect. Comput.},
  volume       = {4},
  number       = {2},
  pages        = {151--160},
  year         = {2013},
  url          = {https://doi.org/10.1109/T-AFFC.2013.4},
  doi          = {10.1109/T-AFFC.2013.4},
  timestamp    = {Sun, 12 Nov 2023 02:21:52 +0100},
  biburl       = {https://dblp.org/rec/journals/taffco/MavadatiMBTC13.bib},
  bibsource    = {dblp computer science bibliography, https://dblp.org}
}

@article{benitez2017methodical,
  title={Methodical analysis of Western-Caucasian and East-Asian basic facial expressions of emotions based on specific facial regions},
  author={Benitez-Garcia, Gibran and Nakamura, Tomoaki and Kaneko, Masahide},
  journal={Journal of Signal and Information Processing},
  volume={8},
  number={2},
  pages={78--98},
  year={2017},
  publisher={Scientific Research Publishing}
}

@inproceedings{lee2013facial,
  title={Facial expression recognition using image processing techniques and neural networks},
  author={Lee, Hsi-Chieh and Wu, Chia-Ying and Lin, Tzu-Miao},
  booktitle={Advances in Intelligent Systems and Applications-Volume 2: Proceedings of the International Computer Symposium ICS 2012 Held at Hualien, Taiwan, December 12--14, 2012},
  pages={259--267},
  year={2013},
  organization={Springer}
}

@article{mavadati2013disfa,
  title={Disfa: A spontaneous facial action intensity database},
  author={Mavadati, S Mohammad and Mahoor, Mohammad H and Bartlett, Kevin and Trinh, Philip and Cohn, Jeffrey F},
  journal={IEEE Transactions on Affective Computing},
  volume={4},
  number={2},
  pages={151--160},
  year={2013},
  publisher={IEEE}
}




% Webpages
% CK+ & TFEID
% they look the same, right???
@misc{noauthor_ck_nodate,
	file = {spenceryee/CS229:/Users/kawka/Zotero/storage/RSEXSDAJ/CS229.html:text/html},
	title = {{CK}+, spenceryee/{CS229}},
	url = {https://github.com/spenceryee/CS229},
	urldate = {2024-01-01},
	bdsk-url-1 = {https://github.com/spenceryee/CS229}}

% note = {original-date: 2014-11-16T06:35:08Z},
@misc{cs229_2023,
	author = {Spenceryee},
	month = nov,
	title = {{CS229}, \url{https://github.com/spenceryee/CS229}},
	url = {https://github.com/spenceryee/CS229},
	urldate = {2024-01-09},
	year = {2016},
	bdsk-url-1 = {https://github.com/spenceryee/CS229}}

@misc{kaggle_rafdb,
  author = {Dev-ShuvoAlok},
  year = {2023},
	abstract = {For Recognize emotion from Facial expression},
	file = {Snapshot:/Users/kawka/Zotero/storage/FI279AGQ/code.html:text/html},
	language = {en},
	title = {{RAF}-{DB} {DATASET}: For Recognize emotion from Facial expression, \url{https://www.kaggle.com/datasets/shuvoalok/raf-db-dataset}},
	url = {https://www.kaggle.com/datasets/shuvoalok/raf-db-dataset},
	urldate = {2024-01-09},
	bdsk-url-1 = {https://www.kaggle.com/datasets/shuvoalok/raf-db-dataset}}

@misc{kaggle_fer,
  author = {Manas Sambare},
  year = {2020},
	abstract = {FER-2013: Learn facial expressions from an image},
	language = {en},
	title = {FER-2013: Learn facial expressions from an image, \url{https://www.kaggle.com/datasets/msambare/fer2013}},
	url = {https://www.kaggle.com/datasets/msambare/fer2013},
	urldate = {2024-02-05},
	}

@misc{noauthor_enduserlicenseagreement_oulu-npupdf_nodate,
	file = {Snapshot:/Users/kawka/Zotero/storage/BIBG7622/view.html:text/html},
	journal = {Google Docs},
	title = {{EndUserLicenseAgreement}\_OULU-{NPU}.pdf},
	url = {https://drive.google.com/file/d/1aJOmWsveeQoLoN7xKHjOr4NzW9g9HP_3/view?usp=sharing&usp=embed_facebook},
	urldate = {2024-01-01},
	bdsk-url-1 = {https://drive.google.com/file/d/1aJOmWsveeQoLoN7xKHjOr4NzW9g9HP_3/view?usp=sharing&usp=embed_facebook}}

@misc{noauthor_real-world_nodate,
	file = {Real-world Affective Faces (RAF) Database:/Users/kawka/Zotero/storage/SIQTAYPA/model1.html:text/html},
	title = {Real-world {Affective} {Faces} ({RAF}) {Database}},
	url = {http://www.whdeng.cn/raf/model1.html},
	urldate = {2024-01-04},
	bdsk-url-1 = {http://www.whdeng.cn/raf/model1.html}}

@misc{noauthor_ck_nodate-1,
	abstract = {Extended Cohn-Kanade dataset},
	file = {Snapshot:/Users/kawka/Zotero/storage/CNDAS426/ck-dataset.html:text/html},
	language = {en},
	title = {{CK}+ dataset},
	url = {https://www.kaggle.com/datasets/shuvoalok/ck-dataset},
	urldate = {2024-01-09},
	bdsk-url-1 = {https://www.kaggle.com/datasets/shuvoalok/ck-dataset}}

@misc{noauthor_mmi_nodate,
	file = {MMI Facial Expression Database - Home:/Users/kawka/Zotero/storage/IL29QL5V/mmifacedb.eu.html:text/html},
	title = {{MMI} {Facial} {Expression} {Database} - {Home}},
	url = {https://mmifacedb.eu/},
	urldate = {2024-01-09},
	bdsk-url-1 = {https://mmifacedb.eu/}}

@misc{noauthor_ised_nodate,
	abstract = {Welcome to Indian Spontaneous Expression Database (ISED).
We present a spontaneous expression dataset for the advancement of research in facial expression analysis. Near frontal face video was recorded for 50 participants while watching emotional video clips. The  novel  experiment  design  induced},
	file = {Snapshot:/Users/kawka/Zotero/storage/KL68I2LJ/iseddatabase.html:text/html},
	language = {de},
	title = {{ISED} {Database}},
	url = {https://sites.google.com/site/iseddatabase/},
	urldate = {2024-01-09},
	bdsk-url-1 = {https://sites.google.com/site/iseddatabase/}}

@misc{noauthor_face_nodate,
	abstract = {Kaggle is the world's largest data science community with powerful tools and resources to help you achieve your data science goals.},
	file = {Snapshot:/Users/kawka/Zotero/storage/XZMDS8UF/face-expression-recognition-dataset.html:text/html},
	language = {en},
	title = {Face expression recognition dataset},
	url = {https://www.kaggle.com/datasets/jonathanoheix/face-expression-recognition-dataset},
	urldate = {2024-01-09},
	bdsk-url-1 = {https://www.kaggle.com/datasets/jonathanoheix/face-expression-recognition-dataset}}

@misc{nagarajan_face_2022,
	abstract = {In this blog, I'm going to explain how to recognize face emotions from images using different Deep Learning models.},
	author = {Nagarajan, Prabhitha},
	file = {Snapshot:/Users/kawka/Zotero/storage/TH9UHU2U/face-emotion-recognition-fer-114ccb359604.html:text/html},
	journal = {MLearning.ai},
	language = {en},
	month = jan,
	title = {Face {Emotion} {Recognition} ({FER})},
	url = {https://medium.com/mlearning-ai/face-emotion-recognition-fer-114ccb359604},
	urldate = {2024-01-13},
	year = {2022},
	bdsk-url-1 = {https://medium.com/mlearning-ai/face-emotion-recognition-fer-114ccb359604}}

@misc{almeida_grad-cam_2023,
	abstract = {Using gradients to understand how your model predicts},
	author = {Almeida, Vin{\'\i}cius},
	file = {Snapshot:/Users/kawka/Zotero/storage/D98FTWKV/grad-cam-in-pytorch-use-of-forward-and-backward-hooks-7eba5e38d569.html:text/html},
	journal = {Medium},
	language = {en},
	month = may,
	shorttitle = {Grad-{CAM} in {Pytorch}},
	title = {Grad-{CAM} in {Pytorch}: {Use} of {Forward} and {Backward} {Hooks}, \url{https://towardsdatascience.com/grad-cam-in-pytorch-use-of-forward-and-backward-hooks-7eba5e38d569}},
	url = {https://towardsdatascience.com/grad-cam-in-pytorch-use-of-forward-and-backward-hooks-7eba5e38d569},
	urldate = {2024-01-15},
	year = {2023},
	bdsk-url-1 = {https://towardsdatascience.com/grad-cam-in-pytorch-use-of-forward-and-backward-hooks-7eba5e38d569}}

@misc{ulyanin_implementing_2019,
	abstract = {Recently I have come across a chapter in Fran{\c c}ois Chollet's ``Deep Learning With Python'' book, describing the implementation of Class{\ldots}},
	author = {Ulyanin, Stepan},
	file = {Snapshot:/Users/kawka/Zotero/storage/VFICHLIA/implementing-grad-cam-in-pytorch-ea0937c31e82.html:text/html},
	journal = {Medium},
	language = {en},
	month = feb,
	title = {Implementing {Grad}-{CAM} in {PyTorch}},
	url = {https://medium.com/@stepanulyanin/implementing-grad-cam-in-pytorch-ea0937c31e82},
	urldate = {2024-01-15},
	year = {2019},
	bdsk-url-1 = {https://medium.com/@stepanulyanin/implementing-grad-cam-in-pytorch-ea0937c31e82}}

@misc{noauthor_working_2022,
	abstract = {In this article, we took a look at working with custom datasets in PyTorch to curated a custom dataset via web scraping, load and label it, and created a PyTorch dataset from it.},
	file = {Snapshot:/Users/kawka/Zotero/storage/EBN4S64F/working-with-custom-image-datasets-in-pytorch.html:text/html},
	journal = {Paperspace Blog},
	language = {en},
	month = sep,
	title = {Working with {Custom} {Image} {Datasets} in {PyTorch}},
	url = {https://blog.paperspace.com/working-with-custom-image-datasets-in-pytorch/},
	urldate = {2024-01-15},
	year = {2022},
	bdsk-url-1 = {https://blog.paperspace.com/working-with-custom-image-datasets-in-pytorch/}}

@misc{noauthor_pytorch_nodate,
	abstract = {Learn important machine learning concepts hands-on by writing PyTorch code.},
	file = {Snapshot:/Users/kawka/Zotero/storage/59QWXDGW/04_pytorch_custom_datasets.html:text/html},
	language = {en},
	title = {{PyTorch} {Custom} {Datasets} - {Zero} to {Mastery} {Learn} {PyTorch} for {Deep} {Learning}},
	url = {https://www.learnpytorch.io/04_pytorch_custom_datasets/},
	urldate = {2024-01-15},
	bdsk-url-1 = {https://www.learnpytorch.io/04_pytorch_custom_datasets/}}

@misc{noauthor_disfa_nodate,
	file = {Snapshot:/Users/kawka/Zotero/storage/448TIA9Q/databases-codes.html:text/html},
	language = {en-US},
	title = {{DISFA} {Databases} \& {Codes} -- {Mohammad} {H}. {Mahoor}, {PhD}},
	url = {http://mohammadmahoor.com/databases-codes/},
	urldate = {2024-01-15},
	bdsk-url-1 = {http://mohammadmahoor.com/databases-codes/}}

@misc{ferplus2024,
	abstract = {This is the FER+ new label annotations for the Emotion FER dataset.},
	month = jan,
	note = {original-date: 2016-09-14T06:35:21Z},
	publisher = {Microsoft},
	title = {{FERPlus}, \url{https://github.com/microsoft/FERPlus}},
	url = {https://github.com/microsoft/FERPlus},
	urldate = {2024-01-09},
	year = {2024},
	bdsk-url-1 = {https://github.com/microsoft/FERPlus}}

% , \url{https://www.scirp.org/reference/referencespapers?referenceid=2037318}
@misc{tfeid,
  	author = {Chen, L.F. and Yen, Y.S.},
  	title = {Taiwanese Facial Expression Image Database},
 	  organization = {Brain Mapping Laboratory, Institute of Brain Science, National Yang-Ming University, Taipei},
  	year = {2007},
    url = {https://www.scirp.org/reference/referencespapers?referenceid=2037318},
}

@article{LiGL22,
  author       = {Shanshan Li and
                  Liang Guo and
                  Jianya Liu},
  title        = {Towards East Asian Facial Expression Recognition in the Real World:
                  {A} New Database and Deep Recognition Baseline},
  journal      = {Sensors},
  volume       = {22},
  number       = {21},
  pages        = {8089},
  year         = {2022},
  url          = {https://doi.org/10.3390/s22218089},
  doi          = {10.3390/S22218089},
  timestamp    = {Mon, 05 Dec 2022 13:33:04 +0100},
  biburl       = {https://dblp.org/rec/journals/sensors/LiGL22.bib},
  bibsource    = {dblp computer science bibliography, https://dblp.org}
}

% , \url{https://www.kaggle.com/datasets/noamsegal/affectnet-training-data/code} 
@misc{kagaff,
	abstract = {This data-set is based on AffectNet-HQ: https://www.kaggle.com/datasets/tom99763/affectnethq}
	author = {Noam Segal},
	title = {Facial Expressions Training Data, Fer Affectnet Database},
	  organization = {Computer Science Major at Haifa University},
	year = {2022},
    url = {https://www.kaggle.com/datasets/noamsegal/affectnet-training-data/data}
}

@article{Mollah2019ANet,
   title={AffectNet: A Database for Facial Expression, Valence, and Arousal Computing in the Wild},
   volume={10},
   ISSN={2371-9850},
   url={http://dx.doi.org/10.1109/TAFFC.2017.2740923},
   DOI={10.1109/taffc.2017.2740923},
   number={1},
   journal={IEEE Transactions on Affective Computing},
   publisher={Institute of Electrical and Electronics Engineers (IEEE)},
   author={Mollahosseini, Ali and Hasani, Behzad and Mahoor, Mohammad H.},
   year={2019},
   month=jan, pages={18–31}
}
